@book{Land,
  title={Introduction to Infinity-Categories},
  author={Land, Markus},
  series={Compact Textbooks in Mathematics},
  year={2021},
  publisher={Springer International Publishing}
}

@unpublished{Dugger,
title={A geometric introduction to {K}-theory},
author={Dugger, Daniel},
year={n.d.},
note={available at \url{https://pages.uoregon.edu/ddugger/kgeom.pdf} (as of \today)}
}


@unpublished{Hatcher-vec,
title={Vector Bundles \& {K}-Theory},
author={Hatcher, Allen},
year={2017},
note={available at \url{https://pi.math.cornell.edu/{\textasciitilde}hatcher/VBKT/VB.pdf} (as of \today)}
}